\usepackage{url}

@book{compilers,
    title = {Compilers, principles, techniques, and tools},
    author = {Alfred V. Aho and Monica S. Lam and Ravi Sethi and Jeffrey D. Ullman},
    isbn = {0-201-10088-6},
    year = {2006},
    publisher = {Pearson Education, Inc}
}

@book{rec_sintaticos,
    title = {Reconhecedores Sintáticos},
    author = {José Bernardo Barros and José João Almeida},
    year = {2020},
    note = {\url{https://natura.di.uminho.pt/~jj/pl-20/aulas/linguagens.pdf}}
}

@misc{ply,
  title = {{PLY (Python Lex-Yacc)}},
  author = {David M. Beazley},
  howpublished = {\url{https://www.dabeaz.com/ply/ply.html}}
}